This is an initial library of BibTex references for the gaussian_step plug-in for SEAMM,
generated automatically by the cookiecutter. You may wish to edit the first entry to correct some
of the information.

Add other references to the end of the file and add code in the plug-in to cite the references as
appropriate. This is done with code like this:

        self.references.cite(
            raw=self._bibliography['doi:10.1002/jcc.21224'],
            alias='packmol',
            module='packmol_step',
            level=1,
            note='The principle PACKMOL citation.'
        )

which is typically in the run() method of the plug-in.

The base node class in SEAMM automatically reads this list of references into a dictionary in
self._bibliography with the key being the key of the BibTex entry -- usually the name on the
first line of the entry after the 'article' or 'misc' (for software) keyword.

See the documentation for the Reference Handler for the other arguments to cite().

# End of initial comments #

# This is the citation for this plug-in, generated and used automatically.
# You might need to edit the author, address, etc. The month, year and version fields
# are automatically filled in with information about current version of the plug-in.
# This is handled in seamm/nody.py, the run() method.

@Misc{gaussian_step,
	author = {Paul Saxe},
	title = {Gaussian plug-in for SEAMM},
	month = {$month},
	year = {$year},
	organization = {The Molecular Sciences Software Institute (MolSSI)},
	url = {https://github.com/molssi-seamm/gaussian_step },
	address = {USA},
	version = {$version}
}
@Misc{G09,
    key = {G09},
    author = {M. J. Frisch and G. W. Trucks and H. B. Schlegel and G. E. Scuseria
	      and M. A. Robb and J. R. Cheeseman and G. Scalmani and V. Barone and
	      B. Mennucci and G. A. Petersson and H. Nakatsuji and M. Caricato and
	      X. Li and H. P. Hratchian and A. F. Izmaylov and J. Bloino and
	      G. Zheng and J. L. Sonnenberg and M. Hada and M. Ehara and K. Toyota
	      and R. Fukuda and J. Hasegawa and M. Ishida and T. Nakajima and
	      Y. Honda and O. Kitao and H. Nakai and T. Vreven and J. A. Montgomery
	      Jr. and J. E. Peralta and F. Ogliaro and M. Bearpark and
	      J. J. Heyd and E. Brothers and K. N. Kudin and V. N. Staroverov and
	      T. Keith and R. Kobayashi and J. Normand and K. Raghavachari and
	      A. Rendell and J. C. Burant and S. S. Iyengar and J. Tomasi and
	      M. Cossi and N. Rega and J. M. Millam and M. Klene and J. E. Knox and
	      J. B. Cross and V. Bakken and C. Adamo and J. Jaramillo and
	      R. Gomperts and R. E. Stratmann and O. Yazyev and A. J. Austin and
	      R. Cammi and C. Pomelli and J. W. Ochterski and R. L. Martin and
	      K. Morokuma and V. G. Zakrzewski and G. A. Voth and P. Salvador and
	      J. J. Dannenberg and S. Dapprich and A. D. Daniels and O. Farkas and
	      J. B. Foresman and J. V. Ortiz and J. Cioslowski and D. J. Fox},
    title = {Gaussian 09},
    month = {$month},
    year = {$year},
    organization = {Gaussian, Inc.},
    url = {https://gaussian.com},
    address = {340 Quinnipiac St., Bldg. 40, Wallingford CT 06492},
    version = {$version},
}
@Misc{G16,
    key = {G16},
    author={M. J. Frisch and G. W. Trucks and H. B. Schlegel and G. E. Scuseria and
	      M. A. Robb and J. R. Cheeseman and G. Scalmani and V. Barone and
	      G. A. Petersson and H. Nakatsuji and X. Li and M. Caricato and
	      A. V. Marenich and J. Bloino and B. G. Janesko and R. Gomperts and
	      B. Mennucci and H. P. Hratchian and J. V. Ortiz and A. F. Izmaylov and
	      J. L. Sonnenberg and D. Williams-Young and F. Ding and F. Lipparini
	      and F. Egidi and J. Goings and B. Peng and A. Petrone and T. Henderson
	      and D. Ranasinghe and V. G. Zakrzewski and J. Gao and N. Rega and
	      G. Zheng and W. Liang and M. Hada and M. Ehara and K. Toyota and
	      R. Fukuda and J. Hasegawa and M. Ishida and T. Nakajima and Y. Honda
	      and O. Kitao and H. Nakai and T. Vreven and K. Throssell and
	      Montgomery, {Jr.}, J. A. and J. E. Peralta and F. Ogliaro and
	      M. J. Bearpark and J. J. Heyd and E. N. Brothers and K. N. Kudin and
	      V. N. Staroverov and T. A. Keith and R. Kobayashi and J. Normand and
	      K. Raghavachari and A. P. Rendell and J. C. Burant and S. S. Iyengar
	      and J. Tomasi and M. Cossi and J. M. Millam and M. Klene and C. Adamo
	      and R. Cammi and J. W. Ochterski and R. L. Martin and K. Morokuma and
	      O. Farkas and J. B. Foresman and D. J. Fox},
    title = {Gaussian 16},
    month = {$month},
    year = {$year},
    organization = {Gaussian, Inc.},
    url = {https://gaussian.com},
    address = {340 Quinnipiac St., Bldg. 40, Wallingford CT 06492},
    version = {$version},
note={Gaussian Inc. Wallingford CT}
}

